@article{nguyen2023detock,
  title={Detock: High performance multi-region transactions at scale},
  author={Nguyen, Cuong DT and Miller, Johann K and Abadi, Daniel J},
  journal={Proceedings of the ACM on Management of Data},
  volume={1},
  number={2},
  pages={1--27},
  year={2023},
  publisher={ACM New York, NY, USA}
}

@article{ren2019slog,
  title={Slog: Serializable, low-latency, geo-replicated transactions},
  author={Ren, Kun and Li, Dennis and Abadi, Daniel J},
  journal={Proceedings of the VLDB Endowment},
  volume={12},
  number={11},
  year={2019}
}

@inproceedings{thomson2012calvin,
  title={Calvin: fast distributed transactions for partitioned database systems},
  author={Thomson, Alexander and Diamond, Thaddeus and Weng, Shu-Chun and Ren, Kun and Shao, Philip and Abadi, Daniel J},
  booktitle={Proceedings of the 2012 ACM SIGMOD international conference on management of data},
  pages={1--12},
  year={2012}
}

@article{harding2017evaluation,
  title={An evaluation of distributed concurrency control},
  author={Harding, Rachael and Van Aken, Dana and Pavlo, Andrew and Stonebraker, Michael},
  journal={Proceedings of the VLDB Endowment},
  volume={10},
  number={5},
  pages={553--564},
  year={2017},
  publisher={VLDB Endowment}
}

@article{ren2014evaluation,
  title={An evaluation of the advantages and disadvantages of deterministic database systems},
  author={Ren, Kun and Thomson, Alexander and Abadi, Daniel J},
  journal={Proceedings of the VLDB Endowment},
  volume={7},
  number={10},
  pages={821--832},
  year={2014},
  publisher={VLDB Endowment}
}

@article{thomson2010case,
  title={The case for determinism in database systems},
  author={Thomson, Alexander and Abadi, Daniel J},
  journal={Proceedings of the VLDB Endowment},
  volume={3},
  number={1-2},
  pages={70--80},
  year={2010},
  publisher={VLDB Endowment}
}

@inproceedings{mu2016consolidating,
  title={Consolidating concurrency control and consensus for commits under conflicts},
  author={Mu, Shuai and Nelson, Lamont and Lloyd, Wyatt and Li, Jinyang},
  booktitle={12th USENIX Symposium on Operating Systems Design and Implementation (OSDI 16)},
  pages={517--532},
  year={2016}
}

@article{serafini2016clay,
  title={Clay: Fine-grained adaptive partitioning for general database schemas},
  author={Serafini, Marco and Taft, Rebecca and Elmore, Aaron J and Pavlo, Andrew and Aboulnaga, Ashraf and Stonebraker, Michael},
  journal={Proceedings of the VLDB Endowment},
  volume={10},
  number={4},
  pages={445--456},
  year={2016},
  publisher={VLDB Endowment}
}